@article{ two-conceptions-of-happiness-kraut-1979,
	author = {Kraut, Richard},
	title = {Two Conceptions of Happiness},
	shorttitle = {Two Conceptions},
	journal = {The Philosophical Review},
	year = {1979},
	volume = {88},
	number = {2},
	pages = {167--197},
	keywords = {secondary,aristotle,happiness,eudaimonia},
}

@book{ methods-of-ethics-sidgwick-1981,
	author = {Sidgwick, Henry},
	title = {The Methods of Ethics},
	shorttitle = {Methods of Ethics},
	publisher = {Hackett Publishing},
	year = {1981},
	address = {Indianapolis, IN},
	keywords = {primary,happiness,eudaimonia,utilitarianism,aristotle},
}

@incollection{ pleasure-and-desire-woolf-2009,
	author = {Woolf, Raphael},
	title = {Pleasure and desire},
	shorttitle = {PaD},
	booktitle = {The Cambridge Companion to Epicureanism},
	pages = {158--178},
	crossref = {cambridge-companion-to-epicureanism-warren-2009},
	keywords = {secondary,happiness,eudaimonia,pleasure,epicurus}
}

@book{ cambridge-companion-to-epicureanism-warren-2009,
	editor = {Warren, James},
	title = {The Cambridge Companion to Epicureanism},
	publisher = {Cambridge University Press},
	year = {2009},
	address = {Cambridge},
	keywords = {secondary,happiness,eudaimonia,pleasure,epicurus}
}
